@misc{shex,
  author="Eric Prud'hommeaux and Iovka Boneva and Jose Emilio Labra Gayo and Gregg Kellogg",
  title="Shape Expressions Language 2.0",
  howpublished="\url{http://shex.io/shex-semantics-20170713}",
  year=2017,
  month=jul,
}
@article{SOLBRIG201790,
  title = "Modeling and validating {HL7} {FHIR} profiles using semantic web {Shape Expressions} ({ShEx})",
  journal = "Journal of Biomedical Informatics",
  volume = "67",
  number = "",
  pages = "90 - 100",
  year = "2017",
  note = "",
  issn = "1532-0464",
  doi = "http://dx.doi.org/10.1016/j.jbi.2017.02.009",
  url = "http://www.sciencedirect.com/science/article/pii/S1532046417300345",
  author = "Harold R. Solbrig and Eric Prud'hommeaux and Grahame Grieve and Lloyd McKenzie and Joshua C. Mandel and Deepak K. Sharma and Guoqian Jiang",
  keywords = "HL7 Fast Healthcare Interoperability Resources (FHIR)",
  keywords = "Shape Expressions (ShEx)",
  keywords = "Resource Description Framework (RDF)",
  keywords = "Semantic web technology",
  keywords = "Quality assurance"
}
